%----------------------------- introduction -----------------------------
@inproceedings{sdn-deploy,
  author    = {Levin, Dan and Canini, Marco and Schmid, Stefan and Feldmann, Anja},
  title     = {Incremental SDN Deployment in Enterprise Networks},
  booktitle = {Proceedings of the ACM SIGCOMM 2013 Conference on SIGCOMM},
  series    = {SIGCOMM '13},
  year      = {2013},
  pages     = {473--474},
  numpages  = {2},
  publisher = {ACM}
}

@article{DuncanWatts,
  author  = {Watts, Duncan J.},
  title   = {Networks, Dynamics, and the Small-World Phenomenon},
  journal = {American Journal of Sociology},
  year    = {1999},
  volume  = {105},
  pages   = {493--527}
}

@projectlaboratory{DobreiMScOnlab1,
  author = {Döbrei, Gábor},
  title  = {Nagyméretű hálózatok evolúciója - Trendterjedés vizsgálata szimulációs eszközökkel},
  school = {Budapest University of Technology and Economics, Hungary},
  month  = feb,
  year   = {2014}
}

%----------------------------- chatper 1. -----------------------------
@inproceedings{Heuristics_for_Internet_Map_Discovery,
  author    = {Govindan, Ramesh and Tangmunarunkit, Hongsuda},
  title     = {Heuristics for Internet map discovery},
  booktitle = {INFOCOM 2000. Nineteenth Annual Joint Conference of the IEEE Computer and Communications Societies. Proceedings. IEEE},
  year      = {2000},
  volume    = {3},
  pages     = {1371--1380}
}

@inproceedings{Inferring_AS_level_Internet_Topology_from_Router_Level_Path_Traces,
  author    = {Hyunseok Chang and Sugih Jamin and Walter Willinger},
  title     = {Inferring AS-level Internet Topology from Router-Level Path Traces},
  booktitle = {In Proceedings of SPIE ITCom 2001},
  year      = {2001}
}

@inproceedings{On_Inferring_and_Characterizing_Internet_Routing_Policies,
  author    = {Wang, Feng and Gao, Lixin},
  title     = {On Inferring and Characterizing Internet Routing Policies},
  booktitle = {Proceedings of the 3rd ACM SIGCOMM Conference on Internet Measurement},
  series    = {IMC '03},
  year      = {2003},
  pages     = {15--26},
  numpages  = {12},
  publisher = {ACM},
}

@inproceedings{The_Impact_of_Routing_Policy_on_Internet_Paths,
  author    = {Hongsuda Tangmunarunkit and Ramesh Govindan and Scott Shenker and Deborah Estrin},
  title     = {The impact of routing policy on internet paths},
  booktitle = {in Proc. 20th IEEE INFOCOM},
  year      = {2001},
  pages     = {736--742}
}

@article{Sobrinho_Algebra_and_Algorithms,
  author  = {Sobrinho, Jo\"{a}o Lu\'{\i}s},
  journal = {Networking, IEEE/ACM Transactions on},
  title   = {Algebra and algorithms for {Q}o{S} path computation and hop-by-hop routing in the Internet},
  year    = {2002},
  month   = aug,
  volume  = {10},
  number  = {4},
  pages   = {541-550}
}

@article{Compact_Policy_Routing,
  author  = {R\'etv\'ari, G\'abor and Guly\'as, Andr\'as and Heszberger, Zal\'an and Csernai, M\'arton and B{\'\i}r\'o, J\'ozsef J},
  title   = {Compact policy routing},
  journal = {Distributed computing},
  year    = {2013},
  volume  = {26},
  pages   = {309--320},
  number  = {5-6}
}

@inproceedings{Sobrinho_Network_routing,
  author    = {Sobrinho, Jo\"{a}o Lu\'{\i}s},
  title     = {Network Routing with Path Vector Protocols: Theory and Applications},
  booktitle = {Proceedings of the 2003 Conference on Applications, Technologies, Architectures, and Protocols for Computer Communications},
  series    = {SIGCOMM '03},
  year      = {2003},
  pages     = {49--60},
  numpages  = {12}
}

@article{Sobrinho_Metarouting,
  author    = {Griffin, Timothy G. and Sobrinho, Jo\"{a}o Lu\'{\i}s},
  title     = {Metarouting},
  journal   = {SIGCOMM Comput. Commun. Rev.},
  volume    = {35},
  number    = {4},
  month     = aug,
  year      = {2005},
  pages     = {1--12},
  numpages  = {12},
  publisher = {ACM}
}

@inproceedings{Lexicographic_products_in_metarouting,
  author    = {Gurney, A.J.T. and Griffin, T.G.},
  booktitle = {Network Protocols, 2007. ICNP 2007. IEEE International Conference on},
  title     = {Lexicographic products in metarouting},
  year      = {2007},
  month     = oct,
  pages     = {113-122}
}

@article{Quality_of_service_routing_for_supporting_multimedia_applications,
  author  = {Wang, Z. and Crowcroft, J.},
  journal = {Selected Areas in Communications, IEEE Journal on},
  title   = {Quality-of-service routing for supporting multimedia applications},
  year    = {1996},
  month   = sep,
  volume  = {14},
  number  = {7},
  pages   = {1228-1234}
}

@article{Quality_of_service_based_routing_A_performance_perspective,
  author    = {Apostolopoulos, George and Gu{\'e}rin, Roch and Kamat, Sanjay and Tripathi, Satish K.},
  title     = {Quality of Service Based Routing: A Performance Perspective},
  journal   = {SIGCOMM Comput. Commun. Rev.},
  volume    = {28},
  number    = {4},
  month     = oct,
  year      = {1998},
  pages     = {17--28},
  numpages  = {12},
  publisher = {ACM}
}

@inproceedings{On_path_selection_for_traffic_with_bandwidth_guarantees,
  author    = {Ma, Q. and Steenkiste, P.},
  booktitle = {Network Protocols, 1997. Proceedings., 1997 International Conference on},
  title     = {On path selection for traffic with bandwidth guarantees},
  year      = {1997},
  month     = oct,
  pages     = {191--202}
}

%----------------------------- chatper 2. -----------------------------
@inproceedings{Routing_with_Guaranteed_Delivery_in_Adhoc_Wireless_Networks,
  author    = {Bose, Prosenjit and Morin, Pat and Stojmenovi\'{c}, Ivan and Urrutia, Jorge},
  title     = {Routing with Guaranteed Delivery in Ad Hoc Wireless Networks},
  booktitle = {Proceedings of the 3rd International Workshop on Discrete Algorithms and Methods for Mobile Computing and Communications},
  series    = {DIALM '99},
  year      = {1999},
  pages     = {48--55},
  numpages  = {8},
  publisher = {ACM}
}

%
% vírusterjedés
%

@book{Epidemic_Modelling_An_Introduction,
  title     = {Epidemic Modelling: An Introduction},
  author    = {Daley, D. J. and Gani, J. and Gani, J. M.},
  series    = {Cambridge Studies in Mathematical Biology},
  year      = {2001},
  publisher = {Cambridge University Press}
}

@article{Bernoulli_Blower,
  author  = {Blower, S. and Bernoulli, D.},
  title   = {An attempt at a new analysis of the mortality caused by smallpox and of the advantages of inoculation to prevent it. 1766.},
  journal = {Reviews in Medical Virology},
  volume  = {14},
  number  = {5},
  month   = oct,
  year    = {2004},
  pages   = {275--288}
}

@article{Contributions_to_the_mathematical_theory_of_epidemics,
  author  = {Kermack, W. O. and McKendrick, A. G.},
  title   = {A Contribution to the Mathematical Theory of Epidemics},
  journal = {Proceedings of the Royal Society of London. Series A, Containing Papers of a Mathematical and Physical Character},
  month   = aug,
  number  = {772},
  pages   = {700--721},
  volume  = {115},
  year    = {1927}
}

%
% trendterjedés
%

@inproceedings{Csaba_Pal,
  author    = {Csaba, Zoltán L. and Pál, Judit},
  title     = {Az utálat és az iskolai agresszió empirikus hálózatelemzése},
  series    = {VII. HUNNET konferencia},
  year      = {2010},
  publisher = {Budapesti Corvinus Egyetem}
}

@book{The_Tipping_Point,
  title     = {Fordulópont: Ahol a kis különbségekből nagy változás lesz},
  author    = {Gladwell, Malcolm},
  year      = {2007},
  publisher = {HVG Kiadói Rt.}
}

%
% internet
%

@unpublished{The_Internet_of_Things,
  author = {Evans, D.},
  title  = {The Internet of Things - How the Next Evolution of the Internet Is Changing Everything},
  note   = {Cisco Internet Business Solutions Group (IBSG)},
  year   = {2011},
  month  = apr
}

@bachelorsthesis{DobreiBScSzakdolgozat,
  author = {Döbrei, Gábor},
  title  = {Gráf-beágyazási technikák kommunikációs hálózatokban},
  school = {Budapest University of Technology and Economics, Hungary},
  month  = feb,
  year   = {2012}
}

@article{Klein07,
  author  = {Kleinberg, R.},
  title   = {Geographic Routing Using Hyperbolic Space},
  journal = {INFOCOM 2007. 26th IEEE International Conference on Computer Communications. IEEE},
  pages   = {1902--1909},
  year    = {2007},
}

@book{Thurston97,
  author    = {Thurston, William P. and Levy, Silvio},
  title     = {Three-dimensional Geometry and Topology},
  year      = {1997},
  publisher = {Princeton University Press}
}

%----------------------------- chatper 3. -----------------------------
@article{Nagamochi96,
  author  = {Nagamochi, Hiroshi and Ibaraki, Toshihide},
  title   = {Augmenting Edge-Connectivity over the Entire Range in O(nm) Time},
  journal = {J. Algorithms},
  year    = {1996},
  volume  = {30},
  pages   = {253--301}
}
